@ARTICLE{Fang:2014dg,
   author = {Fang Li and Changze Wu and Kaigui Wu and Jie Xu},
   title = {An Improved Back Propagation Neural Network Model and Its Application},
   journal = {JOURNAL OF COMPUTERS},
   volume = {9(8)},
   pages = {},
   year = {2014},
   doi={10.4304/jcp.9.8.1858-1862}
}


@ARTICLE{Doborjeh:2022dg,
   author = {Doborjeh, Maryam and Doborjeh, Zohreh and Merkin, Alexander and Krishnamurthi, Rita and Enayatollahi, Reza and Feigin, Valery and Kasabov, Nikola},
   title = {Personalized Spiking Neural Network Models of Clinical and Environmental Factors to Predict Stroke},
   journal = {Cogn Comput},
   year = {2022},
   doi={https://doi.org/10.1007/s12559-021-09975-x}
}

@ARTICLE{Çevik:2015dg,
   author = {Cevik, Yunsur and Doğan, Nurettin and Das, Murat and Ahmedali, Asliddin and Kul, Seval and Bayram, Hasan},
   title = {The association between weather conditions and stroke admissions in Turkey},
   journal = {International Journal of Biometeorology},
   volume = {59},
   pages = {899-905},
   year = {2015},
   doi={10.1007/s00484-014-0890-9}
}


@ARTICLE{Jimenez-Condea:2008dg,
   author = {J. Jimenez-Condea and A. Ois and  M. Gomis and A. Rodriguez-Campello and E. Cuadrado-Godia and I. Subirana and J. Roquer},
   title = {Weather as a Trigger of Stroke},
   journal = {Cerebrovasc Dis},
   volume = {26},
   pages = {348–354},
   year = {2008},
   doi={10.1159/000151637}
}


@ARTICLE{Wang:2002dg,
   author = {Hongbing Wang and Michikazu Sekine and Xiaoli ChenSadanobu Kagamimori},
   title = {A study of weekly and seasonal variation of stroke onset},
   journal = {Int J Biometeorol},
   volume = {47},
   pages = {13-20},
   year = {2002},
   doi={10.1007/s00484-002-0147-x}
}


@ARTICLE{Knezovic:2018dg,
   author = {Knezovic, Marijana and Pintaric, Sanja and Jelavic, Marko Mornar and Kes, Vanja Basic and Nesek, Visnja and Bogovic, Sinisa and Cvetkovic, Bruno and Pintaric, Hrvoje},
   title = {The role of weather conditions and normal level of air pollution in appearance of stroke in the region of Southeast Europe},
   journal = {Acta Neurologica Belgica},
   volume = {118},
   pages = {267–275},
   year = {2018},
   doi={10.1007/s13760-018-0885-0}
}


@ARTICLE{Tarnoki:2017dg,
   author = {Tarnoki AD and Turker A and Tarnoki DL and Iyisoy MS and Szilagyi BK and Duong H and Miskolczi L},
   title = {Relationship between weather conditions and admissions for ischemic stroke and subarachnoid hemorrhage},
   journal = {Croat Med J},
   volume = {58},
   pages = {56–62},
   year = {2017},
   doi={10.3325/cmj.2017.58.56}
}


@ARTICLE{Niebler:2017dg,
   author = {Stefan Niebler and Annette Miltenberger and Bertil Schmidt and Peter Spichtinger},
   title = {Automated detection and classification of synoptic-scale fronts from atmospheric data grids},
   journal = {Weather Clim. Dynam},
   volume = {3},
   pages = {113–137},
   year = {2022},
   doi={10.5194/wcd-3-113-2022}
}

@ARTICLE{Berginer:1989dg,
   author = {V M Berginer and J Goldsmith and U Batz and H Vardi and Y Shapiro},
   title = {Clustering of strokes in association with meteorologic factors in the Negev Desert of Israel: 1981-1983},
   journal = {Stroke},
   volume = {20},
   pages = {65-69},
   year = {1989},
   doi={10.1161/01.STR.20.1.65}
}

@ARTICLE{Field:2002dg,
   author = {Thalia S. Field and  Michael D. Hill},
   title = {Weather, Chinook, and Stroke Occurrence},
   journal = {Stroke},
   volume = {33},
   pages = {1751–175},
   year = {2002},
   doi={10.1161/01.STR.0000020384.92499.59}
}


@ARTICLE{Hori:2012dg,
   author = {Aya Hori and Masahiro Hashizume and Yoko Tsuda and Teruomi Tsukahara and Tetsuo Nomiyama},
   title = {Effects of weather variability and air pollutants on emergency admissions for cardiovascular and cerebrovascular diseases},
   journal = {International Journal of Environmental Health Research},
   volume = {22},
   pages = {416-430},
   year = {2012},
   doi={10.1080/09603123.2011.650155}
}


@ARTICLE{Magalhães:2011dg,
   author = {Magalhães R and Silva M, C and Correia M and Bailey T},
   title = {Are Stroke Occurrence and Outcome Related to Weather Parameters? Results from a Population-Based Study in Northern Portugal},
   journal = {Cerebrovasc Dis},
   volume = {32},
   pages = {542-551},
   year = {2011},
   doi={10.1159/000331473}
}

@ARTICLE{Matsumaru:2020dg,
   author = {Matsumaru N and Okada H and Suzuki K and Nachi S and Yoshida T and Tsukamoto K and Ogura S},
   title = {Weather Fluctuations May Have an Impact on Stroke Occurrence in a Society: A Population-Based Cohort Study},
   journal = {Cerebrovasc Dis Extra},
   volume = {10},
   pages = {1–10},
   year = {2020},
   doi={10.1159/000505122}
}

@ARTICLE{Kasabov:2014dg,
   author = {Nikola Kasabov and Valery Feigin and Zeng-Guang Hou and Yixiong Chen and Linda Liang and Rita Krishnamurthi and Muhaini Othman and Priya Parmar},
   title = {Evolving spiking neural networks for personalised modelling, classification and prediction of spatio-temporal patterns with a case study on stroke},
   journal = {Neurocomputing},
   volume = {134},
   pages = {269-279},
   year = {2014},
   doi={10.1016/j.neucom.2013.09.049}
}

@ARTICLE{Ponmalar:2016dg,
   author = {Ponmalar A and Nokudaiyaval G and FVishnu Kirthiga R and Pavithra P and Sri Rakshya R.V.T},
   title = {Stroke Prediction System Using Artificial Neural Network},
   journal = {International Conference on Communication and Electronics Systems},
   volume = {6},
   pages = {1898-1902},
   year = {2021},
   doi={10.1109/ICCES51350.2021.9489055}
}


@ARTICLE{Donkor:2018dg,
   author = {Eric S Donkor},
   title = {Stroke in the 21st Century: A Snapshot of the Burden, Epidemiology, and Quality of Life},
   journal = {Stroke Res Treat.},
   volume = {27},
   pages = {},
   year = {2018},
   doi={10.1155/2018/3238165}
}
